<record><leader>00000cas a22000007a 4500</leader><controlfield tag="001">10454566</controlfield><controlfield tag="008">840224c19169999mouwr ne      0   a0eng d</controlfield><datafield ind1=" " ind2=" " tag="010"><subfield code="a">sn 84009883 </subfield></datafield><datafield ind1=" " ind2=" " tag="040"><subfield code="a">NSD</subfield><subfield code="b">eng</subfield><subfield code="c">NSD</subfield><subfield code="d">MQN</subfield><subfield code="d">OCLCQ</subfield></datafield><datafield ind1=" " ind2=" " tag="012"><subfield code="l">1</subfield></datafield><datafield ind1="1" ind2=" " tag="022"><subfield code="a">0746-9942</subfield><subfield code="l">0746-9942</subfield><subfield code="2">1</subfield></datafield><datafield ind1=" " ind2=" " tag="032"><subfield code="a">188300</subfield><subfield code="b">USPS</subfield></datafield><datafield ind1=" " ind2=" " tag="037"><subfield code="b">The Fayette Advertiser, 202 E. Morrison St., Fayette, MO 65248</subfield></datafield><datafield ind1=" " ind2=" " tag="042"><subfield code="a">nsdp</subfield></datafield><datafield ind1=" " ind2="4" tag="222"><subfield code="a">The Fayette advertiser</subfield></datafield><datafield ind1="0" ind2="4" tag="245"><subfield code="a">The Fayette advertiser.</subfield></datafield><datafield ind1=" " ind2=" " tag="260"><subfield code="a">Fayette, Howard County, Mo. :</subfield><subfield code="b">Ridgway Pub. Co.,</subfield><subfield code="c">1916-</subfield></datafield><datafield ind1=" " ind2=" " tag="300"><subfield code="a">v.</subfield></datafield><datafield ind1=" " ind2=" " tag="310"><subfield code="a">Weekly</subfield></datafield><datafield ind1="0" ind2=" " tag="362"><subfield code="a">77th year, no. 16 (Dec. 13, 1916)-</subfield></datafield><datafield ind1=" " ind2=" " tag="515"><subfield code="a">Numbering is irregular; changes to vol. numbering with v. 54, no. 33 (Apr. 24, 1928).</subfield></datafield><datafield ind1=" " ind2=" " tag="752"><subfield code="a">United States</subfield><subfield code="b">Missouri</subfield><subfield code="c">Howard</subfield><subfield code="d">Fayette.</subfield></datafield><datafield ind1="0" ind2="0" tag="780"><subfield code="t">Howard County advertiser (Fayette, Mo. : 1863)</subfield><subfield code="w">(DLC)sn 85033903</subfield></datafield><datafield ind1=" " ind2=" " tag="936"><subfield code="a">Feb. 15, 1984</subfield></datafield></record>